
@incollection{marcus2006measure,
  title={The measure and mismeasure of emotion},
  author={Marcus, George E and MacKuen, Michael and Wolak, Jennifer and Keele, Luke},
  booktitle={Feeling politics: Emotion in political information processing},
  pages={31--45},
  year={2006},
  publisher={Springer}
}

